@misc{wiki:techanf,
	author = {Arnold Franke and Alexander Geck and André Koser and Rudolf Forsch},
	title = {Project Wiki, ZOE Konzepte/ZOE Dublettenerkennung/Technische Anforderung},
	date = {2016-08-13},
}

@misc{wiki:varianten,
	author = {Arnold Franke and André Koser and Rudolf Forsch},
	title = {Project Wiki, ZOE Architekturdokumentation/Entscheidungen/Entscheidung: Speicherung der KKNR},
	date = {2016-08-13},
}

@misc{wiki:dod,
	author = {Markus Fidlak},
	title = {Project Wiki, Definition of Done},
	date = {2016-03-10},
}

@misc{wiki:zoe,
	author = {Unbekannt},
	title = {Project Wiki, ZOE Vision},
	date = {2015-11-30},
}

@misc{intranet,
	author = {Filiadata GmbH},
	title = {Organigramm Filiadata},
	date = {2016-08-13},
}

@book{jeffries2001extreme,
	title={Extreme Programming Installed},
	author={Jeffries, R. and Anderson, A. and Hendrickson, C.},
	isbn={9780201708424},
	lccn={00056928},
	series={The XP series},
	url={https://books.google.co.uk/books?id=l4zO3OWkdIsC},
	year={2001},
	publisher={Addison-Wesley}
}

@online{website,
	author = {dm-drogerie markt GmbH + Co. KG.},
	title = {Netzwerker für alle Bereiche},
	date = {2016-11-04},
	url = {https://www.dm.de/unternehmen/arbeiten-und-lernen/arbeiten-bei-uns/filiadata-c534052.html},

}

